@comment{x-kbibtex-personnameformatting=<%l><, %f>}

@inproceedings{conf/cec/BurkeCHKOPRG10,
	added-at = "2010-09-30T00:00:00.000+0200",
	author = "Burke, Edmund K. and Curtois, Timothy and Hyde, Matthew R. and Kendall, Graham and Ochoa, Gabriela and Petrovic, Sanja and Rodr{\'i}guez, Jos{\'e} Antonio V{\'a}zquez and Gendreau, Michel",
	booktitle = "{IEEE Congress on Evolutionary Computation}",
	crossref = "conf/cec/2010",
	interhash = "0417b6b150918071a60f0049640cfbca",
	intrahash = "1da218d805355f096f9df728b9400612",
	keywords = "dblp",
	pages = "1--8",
	publisher = "IEEE",
	title = "{Iterated local search vs. hyper-heuristics: Towards general-purpose search algorithms.}",
	url = "http://dblp.uni-trier.de/db/conf/cec/cec2010.html#BurkeCHKOPRG10; http://dx.doi.org/10.1109/CEC.2010.5586064; http://www.bibsonomy.org/bibtex/21da218d805355f096f9df728b9400612/dblp",
	x-fetchedfrom = "Bibsonomy",
	year = 2010
}

@inproceedings{conf/lion/ChanXIC12,
	added-at = "2012-10-15T00:00:00.000+0200",
	author = "Chan, Ching-Yuen and Xue, Fan and Ip, W. H. and Cheung, C. F.",
	booktitle = "{LION}",
	crossref = "conf/lion/2012",
	editor = "Hamadi, Youssef and Schoenauer, Marc",
	interhash = "654a72ee01089d40da2e73854fc8e434",
	intrahash = "35faac3f29bae1a94580aa7d68bc4ed3",
	isbn = "978-3-642-34412-1",
	keywords = "dblp",
	pages = "349--353",
	publisher = "Springer",
	series = "{Lecture Notes in Computer Science}",
	title = "{A Hyper-Heuristic Inspired by Pearl Hunting.}",
	url = "http://dblp.uni-trier.de/db/conf/lion/lion2012.html#ChanXIC12; http://dx.doi.org/10.1007/978-3-642-34413-8_26; http://www.bibsonomy.org/bibtex/235faac3f29bae1a94580aa7d68bc4ed3/dblp",
	volume = 7219,
	x-fetchedfrom = "Bibsonomy",
	year = 2012
}

@book{verhoeven1996parallel,
	author = "Verhoeven, M.G.A.",
	isbn = "9789038602479",
	publisher = "Technische Universiteit Eindhoven",
	title = "{Parallel Local Search}",
	url = "http://books.google.be/books?id=POJJNwAACAAJ",
	year = "1996"
}

@article{Shonkwiler94parallelspeed-up,
	author = "Shonkwiler, R. and Vleck, Erik Van",
	journal = "Journal of Complexity",
	pages = "64--95",
	title = "{Parallel Speed-Up of Monte Carlo methods for Global Optimization}",
	volume = "10",
	year = "1994"
}

@book{Alba05,
	abstract = "This single reference on parallel metaheuristic presents modern and ongoing research information on using, designing, and analysing efficient models of parallel algorithms. Table of Contents Author Information Introduction. PART I: INTRODUCTION TO METAHEURISTICS AND PARALLELISM. 1. An Introduction to Metaheuristic Techniques. 2. Measuring the Performance of Parallel Metaheuristics. 3. New Technologies in Parallelism. 4. Metaheuristics and Parallelism. PART II: PARALLEL METAHEURISTIC MODELS. 5. Parallel Genetic Algorithms. 6. Spatially Structured Genetic Programming. 7. Parallel Evolution Strategies. 8. Parallel Ant Colony Algorithms. 9. Parallel Estimation of Distribution Algorithms. 10. Parallel Scatter Search. 11. Parallel Variable Neighbourhood Search. 12. Parallel Simulated Annealing. 13. Parallel Tabu Search. 14. Parallel GRASP. 15. Parallel Hybrid Metaheuristics. 16. Parallel Multi Objective. 17. Parallel Heterogeneous Metaheuristics. PART III: THEORY AND APPLICATIONS. 18. Theory of Parallel Genetic Algorithms. 19. Parallel Metaheuristics. 20. Parallel Metaheuristics in Telecommunications. 21. Bioinformatics and Parallel Metaheuristics. Index.",
	added-at = "2008-06-19T17:35:00.000+0200",
	address = "NJ, USA",
	author = "Alba, Enrique",
	interhash = "7c62399891715c3cc19dab863293fa89",
	intrahash = "499f9a511ff28e6ccf55017ddc2d080a",
	isbn = "0-471-67806-6",
	keywords = "algorithms; book; computer engineering general genetic programming; text",
	month = "August",
	notes = "US 95.",
	publisher = "John Wiley \& Sons",
	size = "00584 pages",
	title = "{Parallel Metaheuristics: {A} New Class of Algorithms}",
	url = "http://www.ebookmall.com/ebooks/parallel-metaheuristics-a-new-class-of-algorithms-alba-ebooks.htm; http://www.bibsonomy.org/bibtex/2499f9a511ff28e6ccf55017ddc2d080a/brazovayeye",
	x-fetchedfrom = "Bibsonomy",
	year = 2005
}

@inproceedings{Burke:2011:CHS:2177360.2177415,
	acmid = "2177415",
	address = "Berlin, Heidelberg",
	author = "Burke, Edmund K. and Gendreau, Michel and Hyde, Matthew and Kendall, Graham and McCollum, Barry and Ochoa, Gabriela and Parkes, Andrew J. and Petrovic, Sanja",
	booktitle = "{Proceedings of the 5th international conference on Learning and Intelligent Optimization}",
	doi = "10.1007/978-3-642-25566-3_49",
	isbn = "978-3-642-25565-6",
	location = "Rome, Italy",
	numpages = "4",
	pages = "631--634",
	publisher = "Springer-Verlag",
	series = "{LION'05}",
	title = "{The cross-domain heuristic search challenge \&\#8211; an international research competition}",
	url = "http://dx.doi.org/10.1007/978-3-642-25566-3_49",
	x-fetchedfrom = "ACM Digital Library",
	year = "2011"
}

@inproceedings{Misir:2012:ESL:2402710.2402754,
	acmid = "2402754",
	address = "Berlin, Heidelberg",
	author = "Misir, M. and Verbeeck, K. and {De Causmaecker}, P. and {Vanden Berghe}, G.",
	booktitle = "{Proceedings of the 12th international conference on Parallel Problem Solving from Nature - Volume Part II}",
	doi = "10.1007/978-3-642-32964-7_41",
	isbn = "978-3-642-32963-0",
	keywords = "generality; heuristic set; hyper-heuristics",
	location = "Taormina, Italy",
	numpages = "10",
	pages = "408--417",
	publisher = "Springer-Verlag",
	series = "{PPSN'12}",
	title = "{The effect of the set of low-level heuristics on the performance of selection hyper-heuristics}",
	url = "http://dx.doi.org/10.1007/978-3-642-32964-7_41",
	x-fetchedfrom = "ACM Digital Library",
	year = "2012"
}

@incollection{craig,
	author = "Crainic, TeodorGabriel and Toulouse, Michel",
	booktitle = "{Handbook of Metaheuristics}",
	doi = "10.1007/978-1-4419-1665-5_17",
	editor = "Gendreau, Michel and Potvin, Jean-Yves",
	isbn = "978-1-4419-1663-1",
	language = "English",
	pages = "497--541",
	publisher = "Springer US",
	series = "{International Series in Operations Research \& Management Science}",
	title = "{Parallel Meta-heuristics}",
	url = "http://dx.doi.org/10.1007/978-1-4419-1665-5_17",
	volume = "146",
	year = "2010"
}

@book{gendreau2010handbook,
	added-at = "2011-09-11T17:05:14.000+0200",
	author = "Gendreau, M. and Potvin, J.Y.",
	groups = "public",
	interhash = "2c01bc2f56559ca767e8a78cba343a9f",
	intrahash = "7d00592d6b54e2a4e8df0f004072d4a5",
	isbn = "9781441916631",
	publisher = "Springer",
	series = "{International Series in Operations Research \& Management Science}",
	title = "{Handbook of Metaheuristics}",
	url = "http://books.google.de/books?id=xMTS5dyDhwMC; http://www.bibsonomy.org/bibtex/27d00592d6b54e2a4e8df0f004072d4a5/fabiboy",
	username = "fabiboy",
	x-fetchedfrom = "Bibsonomy",
	year = 2010
}

@inproceedings{Toulouse95communicationissues,
	author = "Toulouse, Michel and Crainic, Teodor G. and Gendreau, Michel",
	booktitle = "{Meta-Heuristics: Theory and Applications}",
	pages = "501--522",
	publisher = "Kluwer Academic Publishers",
	title = "{Communication Issues in Designing Cooperative Multi-Thread Parallel Searches}",
	year = "1995"
}

@article{journals/memetic/SeguraML11,
	added-at = "2011-04-26T00:00:00.000+0200",
	author = "Segura, Carlos and Miranda, Gara and Le{\'o}n, Coromoto",
	interhash = "d180fad7ed75d3449bfc70dcb3a9a37b",
	intrahash = "c35817820f13c89b3e9011b455af6f1f",
	journal = "Memetic Computing",
	keywords = "dblp",
	number = 1,
	pages = "33--49",
	title = "{Parallel hyperheuristics for the frequency assignment problem - Special issue on nature inspired cooperative strategies for optimization.}",
	url = "http://dblp.uni-trier.de/db/journals/memetic/memetic3.html#SeguraML11; http://dx.doi.org/10.1007/s12293-010-0044-5; http://www.bibsonomy.org/bibtex/2c35817820f13c89b3e9011b455af6f1f/dblp",
	volume = 3,
	x-fetchedfrom = "Bibsonomy",
	year = 2011
}

