@comment{x-kbibtex-personnameformatting=<%l><, %f>}

@inproceedings{conf/gecco/McClymontK11,
	added-at = "2011-07-15T00:00:00.000+0200",
	author = "McClymont, Kent and Keedwell, Edward",
	booktitle = "{GECCO}",
	crossref = "conf/gecco/2011",
	editor = "Krasnogor, Natalio and Lanzi, Pier Luca",
	interhash = "aed7e0bd300ddb286c58b54940df7e5e",
	intrahash = "d861cfa13219dc1da4c76c46cf24117f",
	isbn = "978-1-4503-0557-0",
	keywords = "dblp",
	pages = "2003--2010",
	publisher = "ACM",
	title = "{Markov chain hyper-heuristic (MCHH): an online selective hyper-heuristic for multi-objective continuous problems.}",
	url = "http://dblp.uni-trier.de/db/conf/gecco/gecco2011.html#McClymontK11; http://doi.acm.org/10.1145/2001576.2001845; http://www.bibsonomy.org/bibtex/2d861cfa13219dc1da4c76c46cf24117f/dblp",
	x-fetchedfrom = "Bibsonomy",
	year = 2011
}

@inproceedings{conf/fpt/GuntschMSDESS02,
	added-at = "2012-11-26T00:00:00.000+0100",
	author = "Guntsch, Michael and Middendorf, Martin and Scheuermann, Bernd and Diessel, Oliver and ElGindy, Hossam A. and Schmeck, Hartmut and So, Keith",
	booktitle = "{FPT}",
	crossref = "conf/fpt/2002",
	interhash = "f11e4d536fe59a00d55c404068eced6b",
	intrahash = "4a5b3609fa9993370a933065477dd05e",
	isbn = "0-7803-7574-2",
	keywords = "dblp",
	pages = "125--132",
	publisher = "IEEE",
	title = "{Population based ant colony optimization on FPGA.}",
	url = "http://dblp.uni-trier.de/db/conf/fpt/fpt2002.html#GuntschMSDESS02; http://dx.doi.org/10.1109/FPT.2002.1188673; http://www.bibsonomy.org/bibtex/24a5b3609fa9993370a933065477dd05e/dblp",
	x-fetchedfrom = "Bibsonomy",
	year = 2002
}

@inproceedings{conf/gecco/LeonMS08,
	abstract = "dblp",
	added-at = "2008-12-04T00:00:00.000+0100",
	author = "Leon, Coromoto and Miranda, Gara and Segura, Carlos",
	booktitle = "{GECCO}",
	crossref = "conf/gecco/2008",
	date = "2008-12-04",
	editor = "Ryan, Conor and Keijzer, Maarten",
	interhash = "8ca09fd290e5d270b71ffa43f111869a",
	intrahash = "060fcf2349a3c19a9aa78efab655d7e1",
	isbn = "978-1-60558-130-9",
	keywords = "dblp",
	pages = "757--758",
	publisher = "ACM",
	title = "{Parallel hyperheuristic: a self-adaptive island-based model for multi-objective optimization.}",
	url = "http://dblp.uni-trier.de/db/conf/gecco/gecco2008.html#LeonMS08; http://doi.acm.org/10.1145/1389095.1389241; http://www.bibsonomy.org/bibtex/2060fcf2349a3c19a9aa78efab655d7e1/dblp",
	x-fetchedfrom = "Bibsonomy",
	year = 2008
}

@inproceedings{conf/pdp/SeguraSL12,
	added-at = "2012-04-18T00:00:00.000+0200",
	author = "Segura, Carlos and Segredo, Eduardo and Le{\'o}n, Coromoto",
	booktitle = "{PDP}",
	crossref = "conf/pdp/2012",
	editor = "Stotzka, Rainer and Schiffers, Michael and Cotronis, Yannis",
	interhash = "a295293472ba0e30e9416aa2370c6beb",
	intrahash = "eb19b232854b2d5db582f61decedae79",
	isbn = "978-1-4673-0226-5",
	keywords = "dblp",
	pages = "138--145",
	publisher = "IEEE",
	title = "{Analysing the Adaptation Level of Parallel Hyperheuristics Applied to Multiobjectivised Benchmark Problems.}",
	url = "http://dblp.uni-trier.de/db/conf/pdp/pdp2012.html#SeguraSL12; http://doi.ieeecomputersociety.org/10.1109/PDP.2012.34; http://www.bibsonomy.org/bibtex/2eb19b232854b2d5db582f61decedae79/dblp",
	x-fetchedfrom = "Bibsonomy",
	year = 2012
}

@inproceedings{conf/glvlsi/HaldarNCB00,
	abstract = "dblp",
	added-at = "2006-02-10T00:00:00.000+0100",
	author = "Haldar, Malay and Nayak, Anshuman and Choudhary, Alok N. and Banerjee, Prithviraj",
	booktitle = "{ACM Great Lakes Symposium on VLSI}",
	crossref = "conf/glvlsi/2000",
	date = "2006-02-10",
	editor = "Sarrafzadeh, Majid and Banerjee, Prithviraj and Roy, Kaushik",
	interhash = "518494e266d39705b8aa19577d1fa352",
	intrahash = "0c887f192567762f242cb1847fac55b7",
	isbn = "1-58113-251-4",
	keywords = "dblp",
	pages = "86--94",
	publisher = "ACM",
	title = "{Parallel algorithms for FPGA placement.}",
	url = "http://dblp.uni-trier.de/db/conf/glvlsi/glvlsi2000.html#HaldarNCB00",
	x-fetchedfrom = "Bibsonomy",
	year = 2000
}

@inproceedings{conf/europar/GeistGHLLSSS96,
	abstract = "dblp",
	added-at = "2009-09-28T00:00:00.000+0200",
	author = "Geist, Al and Gropp, William and Huss-Lederman, Steven and Lumsdaine, Andrew and Lusk, Ewing L. and Saphir, William and Skjellum, Anthony and Snir, Marc",
	booktitle = "{Euro-Par, Vol. I}",
	crossref = "conf/europar/1996-1",
	date = "2009-09-28",
	editor = "Boug{\'e}, Luc and Fraigniaud, Pierre and Mignotte, Anne and Robert, Yves",
	interhash = "6969debfcba5c72986a4b258e1fa0074",
	intrahash = "dfc2821b32d8150065ce408d03e652d6",
	isbn = "3-540-61626-8",
	keywords = "dblp",
	pages = "128--135",
	publisher = "Springer",
	series = "{Lecture Notes in Computer Science}",
	title = "{MPI-2: Extending the Message-Passing Interface.}",
	url = "http://dblp.uni-trier.de/db/conf/europar/europar96-1.html#GeistGHLLSSS96; http://dx.doi.org/10.1007/3-540-61626-8_16; http://www.bibsonomy.org/bibtex/2dfc2821b32d8150065ce408d03e652d6/dblp",
	volume = 1123,
	x-fetchedfrom = "Bibsonomy",
	year = 1996
}

@inproceedings{conf/atal/ModiSTY03,
	abstract = "dblp",
	added-at = "2006-02-10T00:00:00.000+0100",
	author = "Modi, Pragnesh Jay and Shen, Wei-Min and Tambe, Milind and Yokoo, Makoto",
	biburl = "http://www.bibsonomy.org/bibtex/21f5107f2fd264984dac5635be6e7adce/dblp",
	booktitle = "{AAMAS}",
	crossref = "conf/atal/2003",
	date = "2006-02-10",
	ee = "http://doi.acm.org/10.1145/860575.860602",
	interhash = "a5e4e2cff50d341dd0027e9f7c76aa73",
	intrahash = "1f5107f2fd264984dac5635be6e7adce",
	isbn = "1-58113-683-8",
	keywords = "dblp",
	pages = "161--168",
	publisher = "ACM",
	title = "{An asynchronous complete method for distributed constraint optimization.}",
	url = "http://dblp.uni-trier.de/db/conf/atal/aamas2003.html#ModiSTY03",
	x-fetchedfrom = "Bibsonomy",
	year = 2003
}

@inproceedings{conf/ijcai/GutierrezMY11,
	added-at = "2011-08-09T00:00:00.000+0200",
	author = "Gutierrez, Patricia and Meseguer, Pedro and Yeoh, William",
	biburl = "http://www.bibsonomy.org/bibtex/2d10487f639070adc396517058d5c0e86/dblp",
	booktitle = "{IJCAI}",
	crossref = "conf/ijcai/2011",
	editor = "Walsh, Toby",
	ee = "http://ijcai.org/papers11/Papers/IJCAI11-100.pdf",
	interhash = "1e0970d8d3fd445dfaae1e467a42e367",
	intrahash = "d10487f639070adc396517058d5c0e86",
	isbn = "978-1-57735-516-8",
	keywords = "dblp",
	pages = "554--559",
	publisher = "IJCAI/AAAI",
	title = "{Generalizing ADOPT and BnB-ADOPT.}",
	url = "http://dblp.uni-trier.de/db/conf/ijcai/ijcai2011.html#GutierrezMY11",
	x-fetchedfrom = "Bibsonomy",
	year = 2011
}

@inproceedings{conf/atal/ModiSTY03,
	abstract = "dblp",
	added-at = "2006-02-10T00:00:00.000+0100",
	author = "Modi, Pragnesh Jay and Shen, Wei-Min and Tambe, Milind and Yokoo, Makoto",
	biburl = "http://www.bibsonomy.org/bibtex/21f5107f2fd264984dac5635be6e7adce/dblp",
	booktitle = "{AAMAS}",
	crossref = "conf/atal/2003",
	date = "2006-02-10",
	ee = "http://doi.acm.org/10.1145/860575.860602",
	interhash = "a5e4e2cff50d341dd0027e9f7c76aa73",
	intrahash = "1f5107f2fd264984dac5635be6e7adce",
	isbn = "1-58113-683-8",
	keywords = "dblp",
	pages = "161--168",
	publisher = "ACM",
	title = "{An asynchronous complete method for distributed constraint optimization.}",
	url = "http://dblp.uni-trier.de/db/conf/atal/aamas2003.html#ModiSTY03",
	x-fetchedfrom = "Bibsonomy",
	year = 2003
}

@inproceedings{conf/ijcai/PetcuF05,
	abstract = "dblp",
	added-at = "2005-12-09T00:00:00.000+0100",
	author = "Petcu, Adrian and Faltings, Boi",
	biburl = "http://www.bibsonomy.org/bibtex/2fb2d2690ef044ea38940c58a231a1965/dblp",
	booktitle = "{IJCAI}",
	crossref = "conf/ijcai/2005",
	date = "2005-12-09",
	editor = "Kaelbling, Leslie Pack and Saffiotti, Alessandro",
	ee = "http://www.ijcai.org/papers/0445.pdf",
	interhash = "180cde456cf6eca35dc605e273d35bf2",
	intrahash = "fb2d2690ef044ea38940c58a231a1965",
	isbn = "0938075934",
	keywords = "dblp",
	pages = "266--271",
	publisher = "Professional Book Center",
	title = "{A Scalable Method for Multiagent Constraint Optimization.}",
	url = "http://dblp.uni-trier.de/db/conf/ijcai/ijcai2005.html#PetcuF05",
	x-fetchedfrom = "Bibsonomy",
	year = 2005
}

@inproceedings{conf/podc/DetlefsMMS01,
	added-at = "2012-05-23T00:00:00.000+0200",
	author = "Detlefs, David and Martin, Paul A. and Moir, Mark and Jr., Guy L. Steele",
	biburl = "http://www.bibsonomy.org/bibtex/27600d854868f9fa3eb557a93152a8b50/dblp",
	booktitle = "{PODC}",
	crossref = "conf/podc/2001",
	editor = "Kshemkalyani, Ajay D. and Shavit, Nir",
	ee = "http://doi.acm.org/10.1145/383962.384016",
	interhash = "a39543a581605b248764433115eea616",
	intrahash = "7600d854868f9fa3eb557a93152a8b50",
	isbn = "1-58113-383-9",
	keywords = "dblp",
	pages = "190--199",
	publisher = "ACM",
	title = "{Lock-free reference counting.}",
	url = "http://dblp.uni-trier.de/db/conf/podc/podc2001.html#DetlefsMMS01",
	x-fetchedfrom = "Bibsonomy",
	year = 2001
}

@inproceedings{conf/pldi/Michael04,
	abstract = "dblp",
	added-at = "2006-02-15T00:00:00.000+0100",
	author = "Michael, Maged M.",
	biburl = "http://www.bibsonomy.org/bibtex/2d19d9b2558113d5fc005849f231a1291/dblp",
	booktitle = "{PLDI}",
	crossref = "conf/pldi/2004",
	date = "2006-02-15",
	editor = "Pugh, William and Chambers, Craig",
	ee = "http://doi.acm.org/10.1145/996841.996848",
	interhash = "465e6d3488f9b6974d5657b42b1bae10",
	intrahash = "d19d9b2558113d5fc005849f231a1291",
	isbn = "1-58113-807-5",
	keywords = "dblp",
	pages = "35--46",
	publisher = "ACM",
	title = "{Scalable lock-free dynamic memory allocation.}",
	url = "http://dblp.uni-trier.de/db/conf/pldi/pldi2004.html#Michael04",
	x-fetchedfrom = "Bibsonomy",
	year = 2004
}

@inproceedings{conf/wdag/HerlihyLM02,
	added-at = "2011-07-04T00:00:00.000+0200",
	author = "Herlihy, Maurice and Luchangco, Victor and Moir, Mark",
	biburl = "http://www.bibsonomy.org/bibtex/267bf6f95586ea7af88451cf98c477dbd/dblp",
	booktitle = "{DISC}",
	crossref = "conf/wdag/2002",
	editor = "Malkhi, Dahlia",
	ee = "http://dx.doi.org/10.1007/3-540-36108-1_23",
	interhash = "3ffe542cbe551538990be7a7f666c610",
	intrahash = "67bf6f95586ea7af88451cf98c477dbd",
	isbn = "3-540-00073-9",
	keywords = "dblp",
	pages = "339--353",
	publisher = "Springer",
	series = "{Lecture Notes in Computer Science}",
	title = "{The Repeat Offender Problem: A Mechanism for Supporting Dynamic-Sized, Lock-Free Data Structures.}",
	url = "http://dblp.uni-trier.de/db/conf/wdag/disc2002.html#HerlihyLM02",
	volume = 2508,
	x-fetchedfrom = "Bibsonomy",
	year = 2002
}

@inproceedings{conf/podc/Valois95,
	added-at = "2012-05-23T00:00:00.000+0200",
	author = "Valois, John D.",
	biburl = "http://www.bibsonomy.org/bibtex/234b3803b133cf5b1cadcc2aa76a24996/dblp",
	booktitle = "{PODC}",
	crossref = "conf/podc/1995",
	editor = "Anderson, James H.",
	ee = "http://doi.acm.org/10.1145/224964.224988",
	interhash = "40b99659883e57b4bea4212af9245916",
	intrahash = "34b3803b133cf5b1cadcc2aa76a24996",
	isbn = "0-89791-710-3",
	keywords = "dblp",
	pages = "214--222",
	publisher = "ACM",
	title = "{Lock-Free Linked Lists Using Compare-and-Swap.}",
	url = "http://dblp.uni-trier.de/db/conf/podc/podc95.html#Valois95",
	x-fetchedfrom = "Bibsonomy",
	year = 1995
}

@inproceedings{5586064,
	author = "Burke, E. and Curtois, T. and Hyde, M. and Kendall, G. and Ochoa, G. and Petrovic, S. and V{\'a}zquez-Rodr{\'i}guez, J.A. and Gendreau, M.",
	booktitle = "{IEEE Congress on Evolutionary Computation (CEC), 2010}",
	doi = "10.1109/CEC.2010.5586064",
	keywords = "bin packing; combinatorial mathematics; flow shop scheduling; heuristic programming; optimisation; personnel; search problems; HyFlex software interface; bin packing; combinatorial optimisation; domain module; exploration-exploitation balance; general-purpose search algorithm; heuristic search algorithm; hyper-heuristic research; interface module; iterated local search; low-level heuristics; permutation flow shop; personnel scheduling; Algorithm design and analysis; Heuristic algorithms; Job shop scheduling; Optimization; Personnel; Software; Software algorithms",
	pages = "1--8",
	title = "{Iterated local search vs. hyper-heuristics: Towards general-purpose search algorithms}",
	year = "2010"
}

@book{pratchett06:_good_omens,
	author = "Pratchett, Terry and Gaiman, Neil",
	note = "ISBN-13: 978-0060853983",
	publisher = "HarperTorch (reprint)",
	title = "{Good Omens: \emph{The Nice and Accurate Prophecies of Agnes Nutter, Witch}}",
	year = 2006
}

@article{348072,
	author = "M\i{}s\i{}r, Mustafa and Verbeeck, Katja and {De Causmaecker}, Patrick and {Vanden Berghe}, Greet",
	journal = "Journal of Scheduling",
	note = "Accepted",
	title = "{A {N}ew {H}yper-heuristic as a {G}eneral {P}roblem {S}olver: an {I}mplementation in {H}y{F}lex}",
	url = "https://lirias.kuleuven.be/handle/123456789/348072",
	year = "2012"
}

@misc{wiki,
	author = "Wikipedia",
	howpublished = "URL: \url{http://nl.wikipedia.org/wiki/Masterproef}, laatst nagekeken op 2010-01-07",
	title = "{Scriptie}"
}

@online{chesc-results,
	author = "Hyde, Matthew and Ochoa, Gabriela",
	howpublished = "URL: \url{http://www.asap.cs.nott.ac.uk/external/chesc2011/results.html}, laatst nagekeken op 2013-04-10",
	month = "Sep",
	title = "{CHeSC: Cross-Domain Heuristic Search Competition: The Results}",
	url = "http://www.asap.cs.nott.ac.uk/external/chesc2011/results.html",
	year = "2011"
}

@incollection{chesc-adaphh2,
	author = "M\i{}s\i{}r, Mustafa and Verbeeck, Katja and Causmaecker, Patrick De and Berghe, Greet Vanden",
	booktitle = "{Learning and Intelligent Optimization}",
	doi = "10.1007/978-3-642-34413-8_45",
	editor = "Hamadi, Youssef and Schoenauer, Marc",
	isbn = "978-3-642-34412-1",
	pages = "461--466",
	publisher = "Springer Berlin Heidelberg",
	series = "{Lecture Notes in Computer Science}",
	title = "{An Intelligent Hyper-Heuristic Framework for CHeSC 2011}",
	url = "http://dx.doi.org/10.1007/978-3-642-34413-8_45",
	year = "2012"
}

@article{chesc-ml2,
	author = "Meignan, David and Koukam, Abderrafiaa and Cr{\'e}put, Jean-Charles",
	doi = "10.1007/s10732-009-9121-7",
	issn = "1381-1231",
	journal = "Journal of Heuristics",
	keywords = "Combinatorial optimization; Metaheuristic; Multiagent system; Hyper-heuristic",
	language = "English",
	number = "6",
	pages = "859--879",
	publisher = "Springer US",
	title = "{Coalition-based metaheuristic: a self-adaptive metaheuristic using reinforcement learning and mimetism}",
	url = "http://dx.doi.org/10.1007/s10732-009-9121-7",
	volume = "16",
	year = "2010"
}

@inproceedings{chesc-giss,
	author = "Acu{\~n}a, Alberto and Parada, Victor and Gatica, Gustavo",
	booktitle = "{CHeSC 2011}",
	title = "{Cross-domain Heuristic Search Challenge: GISS Algorithm presentation}",
	year = "2011"
}

@inproceedings{chesc-genhive,
	author = "Frankiewicz, Michal and Cichowicz, Tomasz and Drozdowski, Maciej and Pawlak, Grzegorz and Rytwi{\'n}ski, Filip and Wasilewski, Jacek",
	booktitle = "{CHeSC 2011}",
	title = "{Genetic Hive HyperHeuristic}",
	year = "2011"
}

@inproceedings{chesc-selfsearch,
	author = "Elomari, Jawad",
	booktitle = "{CHeSC 2011}",
	title = "{Self-Search}",
	year = "2011"
}

@inproceedings{chesc-haea,
	author = "G{\'o}mez, Jonatan",
	booktitle = "{CHeSC 2011}",
	title = "{Hybrid Adaptive Evolutionary Algorithm Hyper Heuristic}",
	year = "2011"
}

@inproceedings{chesc-vns-tw,
	author = "Hsiao, Ping-Che and Chiang, Tsung-Che and Fu, Li-Chen",
	booktitle = "{CHeSC 2011}",
	title = "{A variable neighborhood search-based hyperheuristic for cross-domain optimization problems in CHeSC 2011 competition}",
	year = "2011"
}

@inproceedings{chesc-dynils,
	author = "Johnston, Mark and Liddle, Thomas and Miller, Joel and Zhang, Mengjie",
	booktitle = "{CHeSC 2011}",
	title = "{A Hyperheuristic Based on Dynamic Iterated Local Search}",
	year = "2011"
}

@inproceedings{chesc-ant-q,
	author = "Khamassi, Imen",
	booktitle = "{CHeSC 2011}",
	title = "{Ant-Q Hyper Heuristic Approach applied to the Cross- domain Heuristic Search Challenge problems}",
	year = "2011"
}

@inproceedings{chesc-isea,
	author = "Kubalik, Jiri",
	booktitle = "{CHeSC 2011}",
	title = "{Iterated Search Driven by Evolutionary Algorithm Hyper-Heuristic}",
	year = "2011"
}

@inproceedings{chesc-ml,
	author = "Larose, Mathieu",
	booktitle = "{CHeSC 2011}",
	title = "{A Hyper-heuristic for the CHeSC 2011}",
	year = "2011"
}

@inproceedings{chesc-mchh-s,
	author = "McClymont, Kent and Keedwell, Ed",
	booktitle = "{CHeSC 2011}",
	title = "{A Single Objective Variant of the Online Selective Markov chain Hyper-heuristic (MCHH-S)}",
	year = "2011"
}

@inproceedings{chesc-eph,
	author = "Meignan, David",
	booktitle = "{CHeSC 2011}",
	title = "{An Evolutionary Programming Hyper-heuristic with Co-evolution for CHeSC{\rq}11}",
	year = "2011"
}

@inproceedings{chesc-aco-hh,
	author = "N{\'u}{\~n}ez, Jos{\'e} Luis and Ceballos, Alberto",
	booktitle = "{CHeSC 2011}",
	title = "{A general purpose Hyper - Heuristic based on Ant colony optimization}",
	year = "2011"
}

@inproceedings{chesc-ksats-hh,
	author = "Sim, Kevin",
	booktitle = "{CHeSC 2011}",
	title = "{KSATS-HH: A Simulated Annealing Hyper-Heuristic with Reinforcement Learning and Tabu-Search}",
	year = "2011"
}

@inproceedings{chesc-aveg-nep,
	author = "Gaspero, Luca Di and Urli, Tommaso",
	booktitle = "{CHeSC 2011}",
	title = "{A Reinforcement Learning approach for the Cross-Domain Heuristic Search Challenge}",
	year = "2011"
}

@inproceedings{chesc-phunter,
	author = "Xue, Fan and Chan, C.Y. and Ip, W.H. and Cheung, C.F.",
	booktitle = "{CHeSC 2011}",
	title = "{Pearl Hunter: A Hyper-heuristic that Compiles Iterated Local Search Algorithms}",
	year = "2011"
}

@inproceedings{Amdahl:1967:VSP:1465482.1465560,
	acmid = "1465560",
	address = "New York, NY, USA",
	author = "Amdahl, Gene M.",
	booktitle = "{Proceedings of the April 18-20, 1967, spring joint computer conference}",
	doi = "10.1145/1465482.1465560",
	location = "Atlantic City, New Jersey",
	numpages = "3",
	pages = "483--485",
	publisher = "ACM",
	series = "{AFIPS '67 (Spring)}",
	title = "{Validity of the single processor approach to achieving large scale computing capabilities}",
	url = "http://doi.acm.org/10.1145/1465482.1465560",
	year = "1967"
}

@article{Gustafson:1988:RAL:42411.42415,
	acmid = "42415",
	address = "New York, NY, USA",
	author = "Gustafson, John L.",
	doi = "10.1145/42411.42415",
	issn = "0001-0782",
	issue_date = "May 1988",
	journal = "Commun. ACM",
	month = may,
	number = "5",
	numpages = "2",
	pages = "532--533",
	publisher = "ACM",
	title = "{Reevaluating Amdahl's law}",
	url = "http://doi.acm.org/10.1145/42411.42415",
	volume = "31",
	year = "1988"
}

@inproceedings{sis/ant-q,
	author = "Khamassi, I. and Hammami, M. and Ghedira, K.",
	booktitle = "{IEEE Symposium on Swarm Intelligence (SIS)}",
	month = apr,
	pages = "1--7",
	title = "{Ant-Q Hyper-Heuristic Approach for Solving 2-Dimensional Cutting Stock Problem}",
	year = "2011"
}

@article{4785860,
	author = "Moore, Gordon E.",
	doi = "10.1109/N-SSC.2006.4785860",
	issn = "1098-4232",
	journal = "Solid-State Circuits Society Newsletter, IEEE",
	keywords = "Computers; Data mining; Films; Heating; Integrated circuits; Microwave amplifiers; Silicon",
	number = "5",
	pages = "33--35",
	title = "{Cramming more components onto integrated circuits, Reprinted from Electronics, volume 38, number 8, April 19, 1965, pp.114 ff.}",
	volume = "11",
	year = "2006"
}

@inproceedings{Burke:2011:CHS:2177360.2177415,
	acmid = "2177415",
	address = "Berlin, Heidelberg",
	author = "Burke, Edmund K. and Gendreau, Michel and Hyde, Matthew and Kendall, Graham and McCollum, Barry and Ochoa, Gabriela and Parkes, Andrew J. and Petrovic, Sanja",
	booktitle = "{Proceedings of the 5th international conference on Learning and Intelligent Optimization}",
	doi = "10.1007/978-3-642-25566-3_49",
	isbn = "978-3-642-25565-6",
	location = "Rome, Italy",
	numpages = "4",
	pages = "631--634",
	publisher = "Springer-Verlag",
	series = "{LION'05}",
	title = "{The cross-domain heuristic search challenge \&\#8211; an international research competition}",
	url = "http://dx.doi.org/10.1007/978-3-642-25566-3_49",
	year = "2011"
}

@book{rlaiacaml,
	author = "Sutton, Richard S. and Barto, Andrew G.",
	publisher = "MIT Press",
	title = "{Reinforcement Learning: An Introduction (Adaptive Computation and Machine Learning)}",
	year = "1998"
}

@article{Michael:2009:AC:1596832.1596835,
	acmid = "1596835",
	address = "Cambridge, MA, USA",
	author = "Michael, Loizos",
	doi = "10.1162/artl.2009.15.3.Michael.008",
	issn = "1064-5462",
	issue_date = "Summer 2009",
	journal = "Artif. Life",
	keywords = "Ants; collective behavior; logic circuits; modeling; pheromones; universal computation",
	month = jul,
	number = "3",
	numpages = "13",
	pages = "337--349",
	publisher = "MIT Press",
	title = "{Ant-based computing}",
	url = "http://dx.doi.org/10.1162/artl.2009.15.3.Michael.008",
	volume = "15",
	year = "2009"
}

@phdthesis{citeulike:5925674,
	author = "Watkins, C.",
	citeulike-article-id = "5925674",
	citeulike-linkout-0 = "http://www.cs.rhul.ac.uk/\~{}chrisw/thesis.html",
	keywords = "reinforcement-learning; temporal",
	posted-at = "2009-10-12 10:32:38",
	priority = "2",
	school = "Cambridge University, England",
	title = "{Learning from Delayed Rewards}",
	url = "http://www.cs.rhul.ac.uk/\~{}chrisw/thesis.html",
	year = "1989"
}

@article{citeulike:1612433,
	abstract = "{this article we briefly review the central constructs in combinatorial opti- mization and in statistical mechanics and then develop the similarities between the two fields. We show how the Metropolis algorithm for approximate numerical simulation of the behavior of a manybody system at a finite temperature provides a natural tool for bringing the techniques of statistical mechanics to bear on optimization. We have applied this point of view to a number of problems arising in optimal design of...}",
	author = "Kirkpatrick, S. and Gelatt, C. D. and Vecchi, M. P.",
	citeulike-article-id = "1612433",
	citeulike-linkout-0 = "http://citeseerx.ist.psu.edu/viewdoc/summary?doi=10.1.1.18.4175",
	journal = "Science, Number 4598, 13 May 1983",
	keywords = "metaheuristic; metropolis; optimization; simulated-annealing; stochastic",
	pages = "671--680",
	posted-at = "2007-09-03 09:51:25",
	priority = "0",
	title = "{Optimization by Simulated Annealing}",
	url = "http://citeseerx.ist.psu.edu/viewdoc/summary?doi=10.1.1.18.4175",
	volume = "220, 4598",
	year = "1983"
}

@article{Taylor2003a,
	added-at = "2008-04-22T15:17:45.000+0200",
	author = "Taylor, James W.",
	biburl = "http://www.bibsonomy.org/bibtex/2f7fdf64925b8c7adbe94cba72500b7f8/smicha",
	interhash = "74a43e962729b681434f1f96ac3dd76d",
	intrahash = "f7fdf64925b8c7adbe94cba72500b7f8",
	journal = "International Journal of Forecasting",
	keywords = "Damped exponential smoothing trend",
	month = "00",
	number = 4,
	pages = "715--725",
	timestamp = "2008-04-22T15:17:45.000+0200",
	title = "{Exponential smoothing with a damped multiplicative trend}",
	url = "http://www.sciencedirect.com/science/article/B6V92-4B6C4V7-9/1/e4e42d67bcba51ce845068d57ee4f329",
	volume = 19,
	year = 2003
}

@inproceedings{Lourenco02iteratedlocal,
	author = "Louren\c{c}o, Helena R. and Martin, Olivier C. and St{\"u}tzle, Thomas",
	booktitle = "{Handbook of Metaheuristics, volume 57 of International Series in Operations Research and Management Science}",
	pages = "321--353",
	publisher = "Kluwer Academic Publishers",
	title = "{Iterated local search}",
	year = "2002"
}

@incollection{hom/aco,
	author = "Dorigo, M. and St{\"u}tzle, T.",
	booktitle = "{Handbook of Metaheuristics (International Series in Operations Research \& Management Science)}",
	editor = "Gendreau, M. and Potvin, J.-Y.",
	publisher = "Springer",
	title = "{Ant Colony Optimization: Overview and Recent Advances}",
	year = "2010"
}

@inproceedings{Gomez04selfadaptation,
	author = "Gomez, Jonatan",
	booktitle = "{in Proceedings of the Genetic and Evolutionary Computation Conference (GECCO 2004)}",
	title = "{Self adaptation of operator rates in evolutionary algorithms}",
	year = "2004"
}

@article{DBLP:journals/informs/Glover89,
	author = "Glover, Fred",
	bibsource = "DBLP, http://dblp.uni-trier.de",
	ee = "http://dx.doi.org/10.1287/ijoc.1.3.190",
	journal = "INFORMS Journal on Computing",
	number = "3",
	pages = "190--206",
	title = "{Tabu Search - Part I}",
	volume = "1",
	year = "1989"
}

@inproceedings{eurogp06:KubalikFaigl,
	abstract = "Evolutionary algorithms have already been more or less successfully applied to a wide range of optimisation problems. Typically, they are used to evolve a population of complete candidate solutions to a given problem, which can be further refined by some problem-specific heuristic algorithm. In this paper, we introduce a new framework called {\it Iterative Prototype Optimisation with Evolved Improvement Steps}. This is a general optimisation framework, where an initial prototype solution is being improved iteration by iteration. In each iteration, a sequence of actions/operations, which improves the current prototype the most, is found by an evolutionary algorithm. The proposed algorithm has been tested on problems from two different optimisation problem domains - binary string optimisation and the travelling salesman problem. Results show that the concept can be used to solve hard problems of big size reliably achieving comparably good or better results than classical evolutionary algorithms and other selected methods.",
	added-at = "2008-06-19T17:35:00.000+0200",
	address = "Budapest, Hungary",
	author = "Kubalik, Jiri and Faigl, Jan",
	bibsource = "DBLP, http://dblp.uni-trier.de",
	booktitle = "{Proceedings of the 9th European Conference on Genetic Programming}",
	editor = "Collet, Pierre and Tomassini, Marco and Ebner, Marc and Gustafson, Steven and Ek{\'a}rt, Anik{\'o}",
	interhash = "0d6b08b528cad06958f795e82e8193d0",
	intrahash = "32a6f053a6b623c3b87c712cb738b61a",
	isbn = "3-540-33143-3",
	keywords = "algorithms; genetic programming",
	month = "10 - 12 April",
	notes = "Part of \cite{collet:2006:GP} EuroGP'2006 held in conjunction with EvoCOP2006 and EvoWorkshops2006",
	organisation = "EvoNet",
	pages = "154--165",
	publisher = "Springer",
	series = "{Lecture Notes in Computer Science}",
	title = "{Iterative Prototype Optimisation with Evolved Improvement Steps}",
	url = "http://link.springer.de/link/service/series/0558/papers/3905/39050154.pdf; http://www.bibsonomy.org/bibtex/232a6f053a6b623c3b87c712cb738b61a/brazovayeye",
	volume = 3905,
	x-fetchedfrom = "Bibsonomy",
	year = 2006
}

@incollection{hom/vns,
	author = "Hansen, P. and Mladenovi{\'c}, N.",
	booktitle = "{Handbook of Metaheuristics}",
	chapter = "Variable Neighbourhood Search",
	pages = "145--184",
	publisher = "Kluwer Academic Publishers",
	title = "{Variable Neighbourhood Search}",
	year = "2003"
}

@inproceedings{journals/orsnz/ksosils,
	author = "Liddle, T.",
	booktitle = "{45th Annual Conference of the Operations Research Society of New Zealand (ORSNZ)}",
	pages = "130--139",
	title = "{Kick Strength and Online Sampling for Iterated Local Search}",
	year = "2010"
}

@article{Miller95geneticalgorithms,
	author = "Miller, Brad L. and Miller, Brad L. and Goldberg, David E. and Goldberg, David E.",
	journal = "Complex Systems",
	pages = "193--212",
	title = "{Genetic Algorithms, Tournament Selection, and the Effects of Noise}",
	volume = "9",
	year = "1995"
}

@article{DBLP:journals/corr/abs-1109-3627,
	author = "Lipowski, Adam and Lipowska, Dorota",
	bibsource = "DBLP, http://dblp.uni-trier.de",
	ee = "http://arxiv.org/abs/1109.3627",
	journal = "CoRR",
	title = "{Roulette-wheel selection via stochastic acceptance}",
	volume = "abs/1109.3627",
	year = "2011"
}

@inproceedings{655072,
	author = "Yamaguchi, T. and Tanaka, Y. and Yachida, M.",
	booktitle = "{Intelligent Robots and Systems, 1997. IROS '97., Proceedings of the 1997 IEEE/RSJ International Conference on}",
	doi = "10.1109/IROS.1997.655072",
	keywords = "cooperative systems; decision theory; intelligent control; learning (artificial intelligence); adaptive mimetism; ball-pushing task; cooperative learning; learning mode; multi-agent system; reinforcement learning; virtual agents; Convergence; Costs; Learning systems; Performance analysis; Robots; State-space methods; Stochastic processes; Switches; Testing; Virtual environment",
	pages = "594--600 vol.2",
	title = "{Speed up reinforcement learning between two agents with adaptive mimetism}",
	volume = "2",
	year = "1997"
}

@article{linearProgrammingInP,
	author = "Adler, Ilan and Resende, MauricioG.C. and Veiga, Geraldo and Karmarkar, Narendra",
	doi = "10.1007/BF01587095",
	issn = "0025-5610",
	journal = "Mathematical Programming",
	keywords = "Linear programming; Karmarkar's algorithm; interior point methods",
	language = "English",
	number = "1-3",
	pages = "297--335",
	publisher = "Springer-Verlag",
	title = "{An implementation of Karmarkar's algorithm for linear programming}",
	url = "http://dx.doi.org/10.1007/BF01587095",
	volume = "44",
	year = "1989"
}

@article{Kozlov1980223,
	author = "Kozlov, M.K. and Tarasov, S.P. and Khachiyan, L.G.",
	doi = "10.1016/0041-5553(80)90098-1",
	issn = "0041-5553",
	journal = "\{USSR\} Computational Mathematics and Mathematical Physics",
	note = "",
	number = "5",
	pages = "223--228",
	title = "{The polynomial solvability of convex quadratic programming}",
	url = "http://www.sciencedirect.com/science/article/pii/0041555380900981",
	volume = "20",
	year = "1980"
}

@article{qpInNP,
	author = "Pardalos, PanosM. and Vavasis, StephenA.",
	doi = "10.1007/BF00120662",
	issn = "0925-5001",
	journal = "Journal of Global Optimization",
	keywords = "Global optimization; quadratic programming; NP-hard",
	language = "English",
	number = "1",
	pages = "15--22",
	publisher = "Kluwer Academic Publishers",
	title = "{Quadratic programming with one negative eigenvalue is NP-hard}",
	url = "http://dx.doi.org/10.1007/BF00120662",
	volume = "1",
	year = "1991"
}

@incollection{klee:1972,
	address = "New York",
	author = "Klee, Victor and Minty, George J.",
	booktitle = "{Inequalities}",
	citeulike-article-id = "779773",
	editor = "Shisha, O.",
	pages = "159--175",
	posted-at = "2011-06-03 09:11:23",
	priority = "2",
	publisher = "Academic Press",
	title = "{How good is the simplex algorithm?}",
	volume = "III",
	year = "1972"
}

@article{minskyHeuristic,
	address = "London",
	author = "Minsky, M.",
	journal = "{Mechanisation of Thought Processes}",
	publisher = "Her Majesty's Stationery Office",
	title = "{Some Methods of Artificial Intelligence and Heuristic Programming}",
	year = "1959"
}

@book{gastonVanCamp,
	adress = "Leuven",
	author = "{Gaston Van Camp}",
	publisher = "{Davidsfonds}",
	title = "{Het bonte boeketboek voor de jeugd: De Mens}",
	year = "1971"
}

@article{DBLP:journals/jc/ShonkwilerV94,
	author = "Shonkwiler, Ron and Vleck, Erik S. Van",
	bibsource = "DBLP, http://dblp.uni-trier.de",
	ee = "http://dx.doi.org/10.1006/jcom.1994.1003",
	journal = "J. Complexity",
	number = "1",
	pages = "64--95",
	title = "{Parallel Speed-Up of Monte Carlo Methods for Global Optimization}",
	volume = "10",
	year = "1994"
}

@book{Alba2005book,
	author = "Alba, Enrique",
	note = "ISBN: 978-0-471-67806-9",
	publisher = "Wiley",
	title = "{Parallel Metaheuristics: A New Class of Algorithms}",
	url = "http://eu.wiley.com/WileyCDA/WileyTitle/productCd-0471678066.html",
	year = "2005"
}

@book{citeulike:175026,
	author = "Knuth, Donald E.",
	day = "14",
	edition = "3",
	howpublished = "Hardcover",
	isbn = "0201896842",
	keywords = "algorithms; computer; seminumerical",
	month = nov,
	posted-at = "2007-08-22 04:33:25",
	priority = "0",
	publisher = "Addison-Wesley Professional",
	title = "{Art of Computer Programming, Volume 2: Seminumerical Algorithms (3rd Edition)}",
	url = "http://www.amazon.com/exec/obidos/redirect?tag=citeulike07-20&path=ASIN/0201896842",
	year = "1997"
}

@article{citeulike:748130,
	author = "Benford, Frank",
	issn = "0003049X",
	journal = "Proceedings of the American Philosophical Society",
	number = "4",
	pages = "551--572",
	posted-at = "2011-02-14 01:40:50",
	priority = "2",
	publisher = "American Philosophical Society",
	title = "{The Law of Anomalous Numbers}",
	url = "http://dx.doi.org/10.2307/984802",
	volume = "78",
	year = "1938"
}

@incollection{crainicAndToulouse,
	author = "Crainic, T. and Toulouse, M.",
	booktitle = "{Handbook of Metaheuristics}",
	editor = "{Michel Gendreau}, Jean-Yves Potvin",
	pages = "497--541",
	title = "{Parallel Metaheuristics}",
	year = 2010
}

@inproceedings{alba8-7,
	author = "Delisle, P. and Krajecki, M. and Gravel, M. and Gagn{\'e}, C.",
	booktitle = "{International Conference on Parallel Architectures and Compilation Techniques}",
	title = "{Parallel implementation of an ant colony optimization metaheuristic with OpenMP}",
	year = "2001"
}

@article{journals/gpem/Martin01,
	added-at = "2011-05-25T00:00:00.000+0200",
	author = "Martin, Peter",
	interhash = "a86bb7b1fb8ccbe230403dd2003795f2",
	intrahash = "1bafda3a1e3e3dac3669e585fd0e9fc1",
	journal = "Genetic Programming and Evolvable Machines",
	keywords = "dblp",
	number = 4,
	pages = "317--343",
	title = "{A Hardware Implementation of a Genetic Programming System Using FPGAs and Handel-C.}",
	url = "http://dblp.uni-trier.de/db/journals/gpem/gpem2.html#Martin01; http://dx.doi.org/10.1023/A:1012942304464; http://www.bibsonomy.org/bibtex/21bafda3a1e3e3dac3669e585fd0e9fc1/dblp",
	volume = 2,
	x-fetchedfrom = "Bibsonomy",
	year = 2001
}

@misc{Gaspero_amultiagent,
	author = "Gaspero, Luca Di and Mizzaro, Stefano and Schaerf, Andrea",
	title = "{A MultiAgent Architecture for Distributed Course Timetabling}"
}

@incollection{lsAndMh,
	author = "Rego, C{\'e}sar and Glover, Fred",
	booktitle = "{The Traveling Salesman Problem and Its Variations}",
	title = "{Local Search and Metaheuristics}",
	year = "2002"
}

@misc{Burke_aclassification,
	author = "Burke, Edmund K. and Hyde, Matthew and Kendall, Graham and Ochoa, Gabriela and Ozcan, Ender and Woodward, John R.",
	title = "{A Classification of Hyper-heuristic Approaches}"
}

@incollection{chesc-adaphh2,
	author = "M\i{}s\i{}r, Mustafa and Causmaecker, Patrick De and Berghe, Greet Vanden and Verbeeck, Katja",
	booktitle = "{CHeSC 2011}",
	title = "{An adaptive hyper-heuristic for CHeSC 2011}",
	year = "2011"
}

@misc{Rattadilok04adistributed,
	author = "Rattadilok, Prapa and Gaw, Andy and Kwan, Raymond S K",
	title = "{A Distributed Hyper-Heuristic for Scheduling by}",
	year = "2004"
}

@misc{Luna08usinga,
	author = "Luna, Francisco and Nebro, Antonio J. and Alba, Enrique and Durillo, Juan J.",
	title = "{using a grid-based genetic algorithm}",
	year = "2008"
}

@unpublished{dshp,
	author = "Oser, Hans-Peter and Gruntz, Dominik",
	month = "jun",
	title = "{Distributed Systems}",
	year = "2001"
}

@book{Tanen2003,
	added-at = "2010-09-07T21:25:41.000+0200",
	author = "Tanenbaum, Andrew S.",
	edition = 4,
	interhash = "1c58f78cc53c9da0fac7a43a56606d97",
	intrahash = "59576ce5dc07f270a4cb4d6657ee10dc",
	isbn = "0-13-038488-7",
	keywords = "technologie",
	owner = "tmichel",
	publisher = "PH PTR",
	timestamp = "14.05.2007",
	title = "{Computer Networks}",
	url = "http://www.bibsonomy.org/bibtex/259576ce5dc07f270a4cb4d6657ee10dc/funthomas424242",
	x-fetchedfrom = "Bibsonomy",
	year = 2003
}

@manual{mpi10,
	author = "Forum, Message Passing Interface",
	month = "nov",
	pages = "238",
	publisher = "Message Passing Interface Forum",
	title = "{MPI: A Message-Passing Interface Standard}",
	year = "2003"
}

@manual{mpi20,
	author = "Forum, Message Passing Interface",
	month = "nov",
	pages = "370",
	publisher = "Message Passing Interface Forum",
	title = "{MPI-2: Extensions to the Message-Passing Interface}",
	year = "2003"
}

@manual{mpi21,
	author = "Forum, Message Passing Interface",
	month = "jun",
	pages = "608",
	publisher = "Message Passing Interface Forum",
	title = "{MPI: A Message-Passing Interface Standard version: 2.1}",
	year = "2008"
}

@manual{mpi22,
	author = "Forum, Message Passing Interface",
	month = "sep",
	pages = "647",
	publisher = "Message Passing Interface Forum",
	title = "{MPI: A Message-Passing Interface Standard version: 2.2}",
	year = "2009"
}

@manual{mpi30,
	author = "Forum, Message Passing Interface",
	month = "sep",
	pages = "852",
	publisher = "Message Passing Interface Forum",
	title = "{MPI: A Message-Passing Interface Standard version: 3.0}",
	year = "2012"
}

@manual{mpi13,
	author = "Forum, Message Passing Interface",
	month = "may",
	pages = "245",
	publisher = "Message Passing Interface Forum",
	title = "{MPI: A Message-Passing Interface Standard version: 1.3}",
	year = "2008"
}

@book{books/bc/KumarGGK94,
	abstract = "dblp",
	added-at = "2002-01-03T00:00:00.000+0100",
	author = "Kumar, Vipin and Grama, Ananth and Gupta, Anshul and Karypis, George",
	date = "2002-01-03",
	interhash = "f4e59832b93f3f1b9b114a718c881b99",
	intrahash = "23e3ac96d2fa68d90562608b6181e0e6",
	isbn = "0-8053-3170-0",
	keywords = "dblp",
	publisher = "Benjamin/Cummings",
	title = "{Introduction to Parallel Computing.}",
	url = "http://www.bibsonomy.org/bibtex/223e3ac96d2fa68d90562608b6181e0e6/dblp",
	x-fetchedfrom = "Bibsonomy",
	year = 1994
}

@manual{mpirpai10,
	author = "DelSignore, John and Ahn, Dong and Castain, Ralph and Squyres, Jeff",
	editor = "Schulz, Martin",
	pages = "27",
	publisher = "MPI Forum Working Group on Tools",
	title = "{The MPIR Process Acquisition Interface: Version 1.0}",
	year = "tbd"
}

@article{journals/tjs/TaboadaTD12,
	added-at = "2012-03-07T00:00:00.000+0100",
	author = "Taboada, Guillermo L. and Touri{\~n}o, Juan and Doallo, Ramon",
	biburl = "http://www.bibsonomy.org/bibtex/208e9828c35c536e2f2dee50e7c9b0dfc/dblp",
	ee = "http://dx.doi.org/10.1007/s11227-009-0270-0",
	interhash = "0ea8966638890e24767154f161feaa5e",
	intrahash = "08e9828c35c536e2f2dee50e7c9b0dfc",
	journal = "The Journal of Supercomputing",
	keywords = "dblp",
	number = 1,
	pages = "117--140",
	title = "{F-MPJ: scalable Java message-passing communications on parallel systems.}",
	url = "http://dblp.uni-trier.de/db/journals/tjs/tjs60.html#TaboadaTD12",
	volume = 60,
	x-fetchedfrom = "Bibsonomy",
	year = 2012
}

@book{bharath2008message,
	author = "Bharath, S. and of Arkansas, University",
	isbn = "9780549666301",
	publisher = "University of Arkansas",
	title = "{Message Reliability Over UDP.}",
	url = "http://books.google.be/books?id=NSdWGPlegYIC",
	year = "2008"
}

@misc{cacheeffect,
	author = "Shan, Jing",
	howpublished = "\url{http://www.ccs.neu.edu/course/com3620/projects/scalable/jshan/InterimRep.html}",
	month = "jun",
	pages = "8",
	title = "{Superlinear Speedup in Parallel Computation}",
	type = "Interim Report",
	year = "2002"
}

@article{journals/pc/FaberLW86,
	abstract = "dblp",
	added-at = "2005-01-06T00:00:00.000+0100",
	author = "Faber, Vance and Lubeck, Olaf M. and Jr., Andrew B. White",
	date = "2005-01-06",
	interhash = "352f81c1b6ef23af80dcdad0455a9649",
	intrahash = "a86aafc359549cdf64ea23c754ebd926",
	journal = "Parallel Computing",
	keywords = "dblp",
	number = 3,
	pages = "259--260",
	title = "{Superlinear speedup of an efficient sequential algorithm is not possible.}",
	url = "http://dblp.uni-trier.de/db/journals/pc/pc3.html#FaberLW86; http://dx.doi.org/10.1016/0167-8191(86)90024-4; http://www.bibsonomy.org/bibtex/2a86aafc359549cdf64ea23c754ebd926/dblp",
	volume = 3,
	x-fetchedfrom = "Bibsonomy",
	year = 1986
}

@inproceedings{superlineairspeedup,
	author = "Sienicki, J. and Agrawal, P. and Agrawal, V.D. and Bushnell, M.L.",
	journal = "Proceedings of the 1st International Workshop on Parallel Processing",
	month = "dec",
	pages = "116-120",
	title = "{Superlinear Speedup in Multiprocessing Environment}",
	volume = "1",
	year = "1994"
}

@misc{nomoore,
	author = "Cooperman, Gene",
	howpublished = "\url{http://www.ccs.neu.edu/course/com3620/moore.html}",
	month = "maart",
	title = "{Parallel Computing is Required for Continuing Speedup if Moore's Law Continues}",
	year = "2002"
}

@book{books/daglib/0015079,
	added-at = "2011-04-06T00:00:00.000+0200",
	author = "Silberschatz, Abraham and Galvin, Peter Baer and Gagne, Greg",
	interhash = "44f295dd3f54c6052bf811846028c096",
	intrahash = "7c70a43c0eaf1039d767f2b6b53b3199",
	isbn = "978-0-471-69466-3",
	keywords = "dblp",
	pages = "I--XXII, 1--921",
	publisher = "Wiley",
	title = "{Operating system concepts (7. ed.).}",
	url = "http://www.bibsonomy.org/bibtex/27c70a43c0eaf1039d767f2b6b53b3199/dblp",
	x-fetchedfrom = "Bibsonomy",
	year = 2005
}

@article{journals/pc/HawickCJ03,
	abstract = "dblp",
	added-at = "2003-10-29T00:00:00.000+0100",
	author = "Hawick, Kenneth A. and Coddington, Paul D. and James, Heath A.",
	biburl = "http://www.bibsonomy.org/bibtex/28a659b3202d54386587a3fa06d53cf29/dblp",
	date = "2003-10-29",
	ee = "http://dx.doi.org/10.1016/j.parco.2003.04.001",
	interhash = "1d2cd9930c07fe9e86a2ecc0b50a8eeb",
	intrahash = "8a659b3202d54386587a3fa06d53cf29",
	journal = "Parallel Computing",
	keywords = "dblp",
	number = 10,
	pages = "1297--1333",
	title = "{Distributed frameworks and parallel algorithms for processing large-scale geographic data.}",
	url = "http://dblp.uni-trier.de/db/journals/pc/pc29.html#HawickCJ03",
	volume = 29,
	x-fetchedfrom = "Bibsonomy",
	year = 2003
}

@article{journals/pc/Janssen87,
	abstract = "dblp",
	added-at = "2004-07-09T00:00:00.000+0200",
	author = "Jan{\ss}en, R.",
	biburl = "http://www.bibsonomy.org/bibtex/29ac44338b6c571b7eafc3dcf633deaf2/dblp",
	date = "2004-07-09",
	ee = "http://dx.doi.org/10.1016/0167-8191(87)90053-6",
	interhash = "5b7d32efe1ce6fff23e1c4d695c14fb0",
	intrahash = "9ac44338b6c571b7eafc3dcf633deaf2",
	journal = "Parallel Computing",
	keywords = "dblp",
	number = 2,
	pages = "211--213",
	title = "{A note on superlinear speedup.}",
	url = "http://dblp.uni-trier.de/db/journals/pc/pc4.html#Janssen87",
	volume = 4,
	x-fetchedfrom = "Bibsonomy",
	year = 1987
}

@article{journals/pc/Parkinson86,
	abstract = "dblp",
	added-at = "2004-07-09T00:00:00.000+0200",
	author = "Parkinson, D.",
	biburl = "http://www.bibsonomy.org/bibtex/2bd247ff8eb3289c46ef634e6f01605a4/dblp",
	date = "2004-07-09",
	ee = "http://dx.doi.org/10.1016/0167-8191(86)90025-6",
	interhash = "b1e8e690a51177cd09b3f037c295348d",
	intrahash = "bd247ff8eb3289c46ef634e6f01605a4",
	journal = "Parallel Computing",
	keywords = "dblp",
	number = 3,
	pages = "261--262",
	title = "{Parallel efficiency can be greater than unity.}",
	url = "http://dblp.uni-trier.de/db/journals/pc/pc3.html#Parkinson86",
	volume = 3,
	x-fetchedfrom = "Bibsonomy",
	year = 1986
}

@book{books/daglib/0066939,
	added-at = "2011-04-08T00:00:00.000+0200",
	author = "Carriero, Nicholas and Gelernter, David",
	interhash = "e55f1c3227df9f93976e09b106876976",
	intrahash = "8235c765f8eea86e3276bebfd633e35e",
	keywords = "dblp",
	pages = "1--232",
	publisher = "MIT Press",
	title = "{How to write parallel programs - a first course.}",
	url = "http://www.bibsonomy.org/bibtex/28235c765f8eea86e3276bebfd633e35e/dblp",
	x-fetchedfrom = "Bibsonomy",
	year = 1990
}

@book{GeistBeguelinEtAl94,
	abstract = "Written by the team that developed the software, this tutorial is the definitive resource for scientists, engineers, and other computer users who want to use PVM to increase the flexibility and power of their high-performance computing resources. PVM introduces distributed computing, discusses where and how to get the PVM software, provides an overview of PVM and a tutorial on setting up and running existing programs, and introduces basic programming techniques including putting PVM in existing code. There are program examples and details on how PVM works on UNIX and multiprocessor systems, along with advanced topics (portability, debugging, improving performance) and troubleshooting. PVM (Parallel Virtual Machine) is a software package that enables the computer user to define a networked heterogeneous collection of serial, parallel, and vector computers to function as one large computer. It can be used as stand-alone software or as a foundation for other heterogeneous network software. PVM may be configured to contain various machine architectures, including sequential processors, vector processors, and multicomputers, and it can be ported to new computer architectures that may emerge.",
	added-at = "2013-04-16T14:55:27.000+0200",
	address = "Cambridge, MA",
	author = "Geist, Al and Beguelin, Adam and Dongorra, Jack and Jiang, Weicheng and Manchek, Robert and Sunderman, Vaidy",
	biburl = "http://www.bibsonomy.org/bibtex/2b8630c69f654857718705a381413bf8d/flint63",
	file = "MIT Press Product Page:http\://mitpress.mit.edu/books/pvm:URL;Amazon Search inside:http\://www.amazon.de/gp/reader/0262571080/:URL",
	groups = "public",
	interhash = "85bc19978e238c23ac0890105977a05f",
	intrahash = "b8630c69f654857718705a381413bf8d",
	isbn = "978-0-262-57108-1",
	keywords = "v1205 book software development middleware messaging grid cplus",
	publisher = "MIT Press",
	timestamp = "2009.11.15",
	title = "{PVM: Parallel Virtual Machine---A User's Guide and Tutorial for Networked Parallel Computing}",
	username = "flint63",
	x-fetchedfrom = "Bibsonomy",
	year = 1994
}

@book{books/daglib/0079978,
	added-at = "2011-04-27T00:00:00.000+0200",
	author = "Foster, Ian T.",
	biburl = "http://www.bibsonomy.org/bibtex/2481cd569ac4601d8f8b9a0181f2b1e84/dblp",
	interhash = "9443494bbc0f4e7809001cc1b443dec1",
	intrahash = "481cd569ac4601d8f8b9a0181f2b1e84",
	isbn = "978-0-201-57594-1",
	keywords = "dblp",
	pages = "I--XIII, 1--381",
	publisher = "Addison-Wesley",
	title = "{Designing and building parallel programs - concepts and tools for parallel software engineering.}",
	x-fetchedfrom = "Bibsonomy",
	year = 1995
}

@article{journals/aamas/YokooH00,
	added-at = "2011-05-19T00:00:00.000+0200",
	author = "Yokoo, Makoto and Hirayama, Katsutoshi",
	biburl = "http://www.bibsonomy.org/bibtex/226f3580a77d71b8541f17979e6a86ae0/dblp",
	ee = "http://dx.doi.org/10.1023/A:1010078712316",
	interhash = "764d167284eb595d7d7b7feb0f758824",
	intrahash = "26f3580a77d71b8541f17979e6a86ae0",
	journal = "Autonomous Agents and Multi-Agent Systems",
	keywords = "dblp",
	number = 2,
	pages = "185--207",
	title = "{Algorithms for Distributed Constraint Satisfaction: A Review.}",
	url = "http://dblp.uni-trier.de/db/journals/aamas/aamas3.html#YokooH00",
	volume = 3,
	x-fetchedfrom = "Bibsonomy",
	year = 2000
}

@book{0201633922,
	abstract = "Amazon.com: Programming with POSIX(R) Threads (Addison-Wesley Professional Computing Series): David R. Butenhof: Books",
	added-at = "2008-09-12T11:07:57.000+0200",
	asin = "0201633922",
	author = "Butenhof, David R.",
	biburl = "http://www.bibsonomy.org/bibtex/228266e92450e99dfd5f4e9e30007a5fd/gron",
	dewey = "005.27",
	ean = "9780201633924",
	interhash = "8d50feb5be5dfad28dd8b84b085a955f",
	intrahash = "28266e92450e99dfd5f4e9e30007a5fd",
	isbn = "0201633922",
	keywords = "Me:MastersThesis PThreads Threads",
	publisher = "Addison-Wesley",
	series = "{Professional Computing Series}",
	title = "{Programming with POSIX Threads}",
	url = "http://www.amazon.com/Programming-Threads-Addison-Wesley-Professional-Computing/dp/0201633922%3FSubscriptionId%3D13CT5CVB80YFWJEPWS02%26tag%3Dws%26linkCode%3Dxm2%26camp%3D2025%26creative%3D165953%26creativeASIN%3D0201633922",
	x-fetchedfrom = "Bibsonomy",
	year = 1997
}

@article{journals/toplas/Herlihy91,
	abstract = "dblp",
	added-at = "2006-04-03T00:00:00.000+0200",
	author = "Herlihy, Maurice",
	biburl = "http://www.bibsonomy.org/bibtex/2fbbf02f2ed6ef0e0e4c75cdc84e6338b/dblp",
	date = "2006-04-03",
	ee = "http://doi.acm.org/10.1145/114005.102808",
	interhash = "8828b80e21f97fb693b47b778905b242",
	intrahash = "fbbf02f2ed6ef0e0e4c75cdc84e6338b",
	journal = "ACM Trans. Program. Lang. Syst.",
	keywords = "dblp",
	number = 1,
	pages = "124--149",
	title = "{Wait-Free Synchronization.}",
	url = "http://dblp.uni-trier.de/db/journals/toplas/toplas13.html#Herlihy91",
	volume = 13,
	x-fetchedfrom = "Bibsonomy",
	year = 1991
}

@inproceedings{Hendler:2004:SLS:1007912.1007944,
	abstract = "The literature describes two high performance concurrent stack algorithms based on combining funnels and elimination trees. Unfortunately, the funnels are linearizable but blocking, and the elimination trees are non-blocking but not linearizable. Neither is used in practice since they perform well only at exceptionally high loads. The literature also describes a simple lock-free linearizable stack algorithm that works at low loads but does not scale as the load increases. The question of designing a stack algorithm that is non-blocking, linearizable, and scales well throughout the concurrency range, has thus remained open.This paper presents such a concurrent stack algorithm. It is based on the following simple observation: that a single elimination array used as a backoff scheme for a simple lock-free stack is lock-free, linearizable, and scalable. As our empirical results show, the resulting elimination-backoff stack performs as well as the simple stack at low loads, and increasingly outperforms all other methods (lock-based and non-blocking) as concurrency increases. We believe its simplicity and scalability make it a viable practical alternative to existing constructions for implementing concurrent stacks.",
	acmid = "1007944",
	added-at = "2012-08-27T00:09:58.000+0200",
	address = "New York, NY, USA",
	author = "Hendler, Danny and Shavit, Nir and Yerushalmi, Lena",
	biburl = "http://www.bibsonomy.org/bibtex/264859aef95fbd1288ce6e95f90a79560/gron",
	booktitle = "{Proceedings of the sixteenth annual ACM symposium on Parallelism in algorithms and architectures}",
	description = "A scalable lock-free stack algorithm",
	doi = "10.1145/1007912.1007944",
	interhash = "fee7747d8ecc64db6174a989da93a9b6",
	intrahash = "64859aef95fbd1288ce6e95f90a79560",
	isbn = "1-58113-840-7",
	keywords = "Array Concurrent Elimination LockFree Scalable Stack",
	location = "Barcelona, Spain",
	numpages = "10",
	pages = "206--215",
	publisher = "ACM",
	series = "{SPAA '04}",
	title = "{A Scalable Lock-free Stack Algorithm}",
	url = "http://doi.acm.org/10.1145/1007912.1007944",
	x-fetchedfrom = "Bibsonomy",
	year = 2004
}

@book{javaspaces,
	abstract = "Daniel Sonntag all references",
	added-at = "2009-11-25T18:41:14.000+0100",
	author = "Freeman, Eric and Hupfer, Susanne and Arnold, Ken",
	biburl = "http://www.bibsonomy.org/bibtex/2489b5811b956d297c481750dd2e4ef8f/sonntag",
	interhash = "f54323e43ad21db0969233141de9cb95",
	intrahash = "489b5811b956d297c481750dd2e4ef8f",
	keywords = "QABook imported",
	owner = "sonntag",
	publisher = "Addison Wesley",
	timestamp = "2009.11.25",
	title = "{JavaSpaces: Principles, Patterns and Practice}",
	x-fetchedfrom = "Bibsonomy",
	year = 1999
}

@book{Goff04,
	abstract = "Networked distributed computing (NDC) systems are driving an ongoing technological revolution that has already spawned the Internet and will soon transform the world into one ubiquitous, pervasive information field. The author reviews the field's crucial challenges, state-of-the-art solutions, and breathtaking future. Goff covers both the trees and the forest---showing how NDC has evolved, where it's headed, and above all, what it all means.",
	added-at = "2012-05-30T11:05:28.000+0200",
	address = "Upper Saddle River, NJ",
	author = "Goff, Max K.",
	biburl = "http://www.bibsonomy.org/bibtex/20f3b6148d0aa276dd4567aa571e5cf4e/flint63",
	file = "InformIT Product page:http\://www.informit.com/title/0131001523:URL;Amazon Search inside:http\://www.amazon.de/gp/reader/ISBN10/:URL;Google Books:http\://books.google.de/books?isbn=978-0-13-100152-7:URL",
	filex = "Amazon Search inside:http\://www.amazon.de/gp/reader/:URL",
	groups = "public",
	interhash = "c04a2916fd42baa4ad81e3ce441f2783",
	intrahash = "0f3b6148d0aa276dd4567aa571e5cf4e",
	isbn = "978-0-13-100152-7",
	keywords = "v1205 book middleware network",
	publisher = "Prentice Hall",
	timestamp = "2012.05.23",
	title = "{Network Distributed Computing: Fitscapes and Fallacies}",
	username = "flint63",
	x-fetchedfrom = "Bibsonomy",
	year = 2004
}

@article{Gelernter85,
	added-at = "2011-02-02T10:46:48.000+0100",
	author = "Gelernter, David",
	interhash = "efb0d82c6f66e1381ee017f9579284dc",
	intrahash = "ca6d7647c7869e3a413674e4ed762d5c",
	journal = "ACM Transactions on Programming Languages and Systems",
	keywords = "imported",
	pages = "80--112",
	title = "{Generative communication in {Linda}}",
	url = "http://www.bibsonomy.org/bibtex/2ca6d7647c7869e3a413674e4ed762d5c/hannesm",
	volume = 7,
	x-fetchedfrom = "Bibsonomy",
	year = 1985
}

